
@book{lima2004analise,
  title={An{\'a}lise real},
  author={Lima, Elon Lages},
  volume={1},
  year={2004},
  publisher={Impa Rio de Janeiro}
}
@book{haake2001quantum,
  title={Quantum Signatures of Chaos},
  author={Haake, F.},
  isbn={9783540677239},
  lccn={00063786},
  series={Physics and astronomy online library},
  url={https://books.google.co.in/books?id=Orv0BXoorFEC},
  year={2001},
  publisher={Springer}
}
@article{PhysRevX.9.041017,
  title = {A Universal Operator Growth Hypothesis},
  author = {Parker, Daniel E. and Cao, Xiangyu and Avdoshkin, Alexander and Scaffidi, Thomas and Altman, Ehud},
  journal = {Phys. Rev. X},
  volume = {9},
  issue = {4},
  pages = {041017},
  numpages = {29},
  year = {2019},
  month = {Oct},
  publisher = {American Physical Society},
  doi = {10.1103/PhysRevX.9.041017},
  url = {https://link.aps.org/doi/10.1103/PhysRevX.9.041017}
}
@article{Krishnan_2017,
   title={Random matrices and holographic tensor models},
   volume={2017},
   ISSN={1029-8479},
   url={http://dx.doi.org/10.1007/JHEP06(2017)036},
   DOI={10.1007/jhep06(2017)036},
   number={6},
   journal={Journal of High Energy Physics},
   publisher={Springer Science and Business Media LLC},
   author={Krishnan, Chethan and Kumar, K. V. Pavan and Sanyal, Sambuddha},
   year={2017},
   month=jun }
